<record xmlns="http://www.loc.gov/MARC21/slim" xmlns:xsi="http://www.w3.org/2001/XMLSchema-instance" xsi:schemaLocation="http://www.loc.gov/MARC21/slim http://www.loc.gov/standards/marcxml/schema/MARC21slim.xsd">

  <leader>00822nam a22002177a 4500</leader>
  <datafield tag="999" ind1=" " ind2=" ">
    <subfield code="c">3350</subfield>
    <subfield code="d">3350</subfield>
  </datafield>
  <controlfield tag="008">161104b2012    c  ||||| |||| 00| | spa d</controlfield>
  <datafield ind2=" " ind1=" " tag="090">
    <subfield code="a">06.05.01 </subfield>
    <subfield code="b">1286 </subfield>
  </datafield>
  <datafield ind1="1" tag="100" ind2=" ">
    <subfield code="9">250</subfield>
    <subfield code="a">Vargas Bolaños, Rebecca</subfield>
  </datafield>
  <datafield ind2="0" ind1="1" tag="245">
    <subfield code="a">Taller: Temas de redacción científica, citación y propiedad intelectual / </subfield>
    <subfield code="c">Rebecca Vargas Bolaños; Martha Barquero Cerdas; Isabel Jara Quesada; Yorleny Madrigal Vargas</subfield>
  </datafield>
  <datafield ind2=" " tag="260" ind1=" ">
    <subfield code="a">[San José, Costa Rica] :</subfield>
    <subfield code="b">INIE,</subfield>
    <subfield code="c">2012</subfield>
  </datafield>
  <datafield ind1=" " tag="300" ind2=" ">
    <subfield code="a">90 páginas</subfield>
  </datafield>
  <datafield ind1=" " tag="500" ind2=" ">
    <subfield code="a">Informe Proyecto de Acción Social ED-2974</subfield>
  </datafield>
  <datafield ind1="1" tag="650" ind2="4">
    <subfield code="9">1470</subfield>
    <subfield code="a">CURSOS DE CAPACITACIÓN</subfield>
  </datafield>
  <datafield tag="650" ind1="1" ind2="4">
    <subfield code="9">163</subfield>
    <subfield code="a">INVESTIGACIÓN</subfield>
  </datafield>
  <datafield ind2="4" tag="650" ind1="1">
    <subfield code="9">1189</subfield>
    <subfield code="a">ESCRITURA</subfield>
  </datafield>
  <datafield ind2="4" tag="650" ind1="1">
    <subfield code="9">674</subfield>
    <subfield code="a">LINGÜISTICA </subfield>
  </datafield>
  <datafield ind2=" " tag="700" ind1="1">
    <subfield code="9">223</subfield>
    <subfield code="a">Barquero Cerdas, Martha</subfield>
  </datafield>
  <datafield ind2=" " tag="700" ind1="1">
    <subfield code="9">2146</subfield>
    <subfield code="a">Jara Quesada, Isabel</subfield>
  </datafield>
  <datafield ind1="1" tag="700" ind2=" ">
    <subfield code="9">1619</subfield>
    <subfield code="a">Madrigal Vargas, Yorleny</subfield>
  </datafield>
  <datafield ind1=" " tag="942" ind2=" ">
    <subfield code="2">z</subfield>
    <subfield code="c">04</subfield>
  </datafield>
</record>